@book{oclinaction,
    title = {OpenCL in Action},
    author = {Matthew Scarpino},
    year = {2011},
    pages = {476},
    publisher = {Manning},
    edition = {1}
}
@manual{oclreference,
    title = {OpenCL 1.2 Reference Pages},
    URL = {https://www.khronos.org/registry/OpenCL/sdk/1.2/docs/man/xhtml/},
    year = {2019}
}
@book{pbrt,
    title = {Physically based rendering},
    author = {Matt Pharr},
    URL = {https://www.pbrt.org},
    year = {2018},
    edition = {3},
    pages = {1266},
    publisher = {Morgan Kaufmann Publishers}
}
@book{cg_basic,
    title = {Алгоритмические основы машинной графики},
    author = {Роджерс Д.},
    year = {1989},
    publisher = {М.: Мир},
    pages = {512}
}
@manual{qtref,
    title = {Qt5 Documentation},
    year = {2019},
    URL = {https://doc.qt.io/qt-5/}
}
@manual{postgresqldocs,
    title = {PostgreSQL Documentation},
    year = {2020},
    URL = {https://www.postgresql.org/docs/}
}
@manual{python38docs,
    title = {Python 3.8.3 Documentation},
    year = {2020},
    URL = {https://docs.python.org/3/index.html}
}
@manual{django3docs,
    title = {Django 3 Documentation},
    year = {2020},
    URL = {https://docs.djangoproject.com/en/3.0/}
}
@manual{reactdocs,
    title = {React Documentation},
    year = {2020},
    URL = {https://reactjs.org/docs/}
}
@manual{nginxdocs,
    title = {Nginx Documentation},
    year = {2020},
    URL = {https://nginx.org/en/docs/}
}
@manual{bootstrap4docs,
    title = {Bootstrap 4 Documentation},
    year = {2020},
    URL = {https://getbootstrap.com/docs/4.0/}
}
@manual{cgref,
    title = {Computer graphics wikibooks},
    URL = {https://en.m.wikibooks.org/wiki/Cg_Programming},
    year = {2019}
}
@unpublished{lectures,
    title = {Лекции по Компьютерной графике},
    author = {Куров А.В.},
    year = {2019}
}
